@misc{kms40manual,
author = {{Weiss Robotics}},
number = {January},
title = "{KMS 40 Assembly and Operating Manual}",
url = {\url{http://www.webcitation.org/6SBosGSjQ}},
year = {2013}
}
@misc{atimanual,
author = {{ATI Industrial Automation}},
title = "{Six-Axis Force/Torque Transducer Installation and Operation Manual}",
url = {\url{http://www.webcitation.org/6SGCDRq6M}},
year = {2014}
}
@article{Fumagalli2012,
author = {Fumagalli, Matteo and Ivaldi, Serena and Randazzo, Marco and Natale, Lorenzo and Metta, Giorgio and Sandini, Giulio and Nori, Francesco},
doi = {10.1007/s10514-012-9291-2},
issn = {0929-5593},
journal = {Autonomous Robots},
keywords = {Active force control,Multi-body,Proximal sensing},
number = {4},
pages = {381--398},
publisher = {Springer US},
title = {{Force feedback exploiting tactile and proximal force/torque sensing}},
url = {http://dx.doi.org/10.1007/s10514-012-9291-2},
volume = {33},
year = {2012}
}

@article{morel2000precise,
  title={The precise control of manipulators with high joint-friction using base force/torque sensing},
  author={Morel, Guillaume and Iagnemma, Karl and Dubowsky, Steven},
  journal={Automatica},
  volume={36},
  number={7},
  pages={931--941},
  year={2000},
  publisher={Elsevier}
}

@misc{quadratic,
    author   = {Weisstein, Eric W.},
    title    = {Quadratic Surface. {From MathWorld---A Wolfram Web Resource}},
    url      = {\url{http://mathworld.wolfram.com/QuadraticSurface.html}},
    note     = {Last visited on 13/8/2014},
}
@misc{ellipsoid,
    author   = {{Encyclopedia of Mathematics}},
    title    =  {Ellipsoid.},
    url      = {\url{http://www.encyclopediaofmath.org/index.php?title=Ellipsoid}},
    note     = {Last visited on 13/8/2014},
}
@INPROCEEDINGS{voylesBias,
author={Voyles, R.M. and Merrow, J.D. and Khosla, P.K.},
booktitle={Multisensor Fusion and Integration for Intelligent Systems, 1996. IEEE/SICE/RSJ International Conference on},
title={Including sensor bias in shape from motion calibration and sensor fusion},
year={1996},
month={Dec},
pages={93-99},
keywords={calibration;intelligent control;learning (artificial intelligence);mobile robots;sensor fusion;singular value decomposition;calibration matrix;data fusion;eigenspace representation;force vector;intelligent systems;linear transformations;mobile robot;primordial learning;raw strain gauge data;sensor bias;sensor fusion;sensory information vectors;shape from motion calibration;singular value decomposition;Calibration;Data mining;Force sensors;Intelligent sensors;Intelligent systems;Sensor fusion;Sensor systems;Shape;Torque;Vectors},
doi={10.1109/MFI.1996.568505},}
@inproceedings{Gong2013,
annote = {Uses the kinematic model, not an embedded accelerometer.
Do not calibrate the torques in the nullspace of the center of mass. },
author = {Gong, Daoxiong and Jia, Yunyi and Cheng, Yu and Xi, Ning},
booktitle = {2013 IEEE Int. Conf. Robot. Biomimetics},
doi = {10.1109/ROBIO.2013.6739528},
file = {:tmp/06739528.pdf:pdf},
isbn = {978-1-4799-2744-9},
keywords = {6axisFTcalibration},
mendeley-tags = {6axisFTcalibration},
month = dec,
number = {December},
pages = {619--624},
publisher = {IEEE},
title = {{On-line and simultaneous calibration of wrist-mounted Force/Torque sensor and tool Forces/Torques for manipulation}},
url = {http://ieeexplore.ieee.org/lpdocs/epic03/wrapper.htm?arnumber=6739528},
year = {2013}
}
@misc{Robinson2002,
author = {Robinson, R Clark},
title = {{The linear image of a sphere is an ellipsoid}},
url = {http://www.math.northwestern.edu/~clark/354/2002/ellipse.pdf},
year = {2002}
}
@INPROCEEDINGS{Gautier2012,
author={Gautier, M. and Briot, S.},
booktitle={Robotics and Automation (ICRA), 2012 IEEE International Conference on},
title={Global identification of drive gains parameters of robots using a known payload},
year={2012},
month={May},
pages={2812-2817},
keywords={force control;least mean squares methods;robot dynamics;torque control;trajectory control;IDIM-LS technique;dynamic coupling;global identification;global joint drive gains parameter;industrial Stäubli TX-40 robot;inertial parameter;inverse dynamic identification model;joint force-torque;linear least squares technique;linear system;off-line robot dynamic identification;trajectory tracking;Couplings;Joints;Payloads;Service robots;Standards;Trajectory},
doi={10.1109/ICRA.2012.6225099},
ISSN={1050-4729},}
@inproceedings{shimanoroth,
  title={On force sensing information and its use in controlling manipulators},
  author={Shimano, B and Roth, B},
  booktitle={Proceedings of the IFAC International Symposium on information-Control Problems in Manufacturing Technology},
  pages={119--126},
  year={1977}
}
@inproceedings{voyles1996bias,
  title={Including sensor bias in shape from motion calibration and sensor fusion},
  author={Voyles, Richard M and Merrow, JD and Khosla, Pradeep K},
  booktitle={Multisensor Fusion and Integration for Intelligent Systems, 1996. IEEE/SICE/RSJ International Conference on},
  pages={93--99},
  year={1996},
  organization={IEEE}
}
@article{uchiyama1991systematic,
  title={A systematic design procedure to minimize a performance index for robot force sensors},
  author={Uchiyama, M and Bayo, E and Palma-Villalon, E},
  journal={Journal of Dynamic Systems, Measurement, and Control},
  volume={113},
  number={3},
  pages={388--394},
  year={1991},
  publisher={American Society of Mechanical Engineers}
}
@inproceedings{watson1975pedestal,
  title={Pedestal and wrist force sensors for automatic assembly},
  author={Watson, PC and Drake, SH},
  booktitle={Proceedings of the 5th International Symposium on Industrial Robots},
  pages={501--511},
  year={1975}
}
@article{voyles1997shape,
  title={The shape from motion approach to rapid and precise force/torque sensor calibration},
  author={Voyles, Richard M and Morrow, J Daniel and Khosla, Pradeep K},
  journal={Journal of dynamic systems, measurement, and control},
  volume={119},
  number={2},
  pages={229--235},
  year={1997},
  publisher={American Society of Mechanical Engineers}
}
@inproceedings{briot2014situ,
  title={In situ calibration of joint torque sensors of the KUKA LightWeight robot using only internal controller data},
  author={Briot, S{\'e}bastien and Gautier, Maxime and Jubien, Anthony},
  booktitle={Advanced Intelligent Mechatronics (AIM), 2014 IEEE/ASME International Conference on},
  pages={470--475},
  year={2014},
  organization={IEEE}
}
@article{faber2012force,
  title={A force plate based method for the calibration of force/torque sensors},
  author={Faber, Gert S and Chang, Chien-Chi and Kingma, Idsart and Martin Schepers, H and Herber, Sebastiaan and Veltink, Peter H and Dennerlein, Jack T},
  journal={Journal of biomechanics},
  volume={45},
  number={7},
  pages={1332--1338},
  year={2012},
  publisher={Elsevier}
}

@ARTICLE{roozbahani2013novel,
author={Roozbahani, H. and Fakhrizadeh, A and Haario, H. and Handroos, H.},
journal={Sensors Journal, IEEE},
title={Novel Online Re-Calibration Method for Multi-Axis Force/Torque Sensor of ITER Welding/Machining Robot},
year={2013},
month={Nov},
volume={13},
number={11},
pages={4432-4443},
keywords={calibration;force sensors;fusion reactor instrumentation;machining;robotic welding;torque measurement;vacuum apparatus;ITER machining robot;ITER welding robot;international thermonuclear experimental reactor vacuum vessel;multiaxis force sensor;online re-calibration method;plasma;radioactive vessel;torque sensor;Calibration;Force;Force sensors;Loading;Robot sensing systems;Welding;Force sensor calibration;ITER vacuum vessel;design of experiment methodology},
doi={10.1109/JSEN.2013.2274195},
ISSN={1530-437X},}

@inproceedings{braun2011,
	author = {D. Braun и H. Wörn},
	title = {Techniques for Robotic Force Sensor Calibration},
	booktitle = {13th International Workshop on Computer Science and Information Technologies (CSIT’2011)},
	number = {4(44)},
	year = {2011},
	keywords = {},
	abstract = {Calibration of force torque sensors with high precision is a time consuming and thereby costly process. Furthermore the recalibration of the sedevices makes a disassembly of the system, where the sensor is used, necessary. In this paper method sand a set-up for force torque sensors in robotics is described, where the calibration can be accomplished with minimal effort and high precision. The adaptation of a calibration algorithm and an outlook to further improvement in the range of intelligent sensors is also provided in this report.},
	issn = {2225-6024},	url = {http://journal.ugatu.ac.ru/index.php/systems/article/view/74}
}
@article{oddo2007,
  author={C M Oddo and P Valdastri and L Beccai and S Roccella and M C Carrozza and P Dario},
  title={Investigation on calibration methods for multi-axis, linear and redundant force sensors},
  journal={Measurement Science and Technology},
  volume={18},
  number={3},
  pages={623},
  url={http://stacks.iop.org/0957-0233/18/i=3/a=011},
  year={2007},
}
	

